@TechReport{inv-news,
title = {El {INV} present\'{o} el ajuste de la {E}stimaci\'{o}n de {C}osecha 2014},
institution = {Instituto Nacional de la Vitivinicultura, Mendoza, Argentina},
year = {2014},
type = {online news},
url = {http://www.inv.gov.ar/noticias.php?ind=1&id_nota=514},
month = { February }
}

@book{snyder2005frost,
  title={Frost protection: fundamentals, practice and economics. Volume 1},
  author={Snyder, Richard L and Melo-Abreu, J Paulo},
  year={2005},
  publisher={FAO}
}
@article{gonzalez2009ameva,
  title={Ameva: An autonomous discretization algorithm},
  author={Gonzalez-Abril, L and Cuberos, Francisco Javier and Velasco, Francisco and Ortega, Juan Antonio},
  journal={Expert Systems with Applications},
  volume={36},
  number={3},
  pages={5327--5332},
  year={2009},
  publisher={Elsevier}
}
@Misc{logtag-datalogger,
title = {LOGTAG: humidity and temperature recorder. Datasheet},
howpublished = {Online},
note = {http://logtagrecorders.com/products/pdf/LogTag\_HAXO-8\_Product\_Specification.pdf}
}

@TechReport{pid-fca-uncu-dataset,
title = {Defensa activa contra heladas. {U}tilización de energía geotérmica de baja temperatura},
author={Rojas Daniel (Director), Remugnán Daniel (Co-director)},
institution = {Facultad de Ciencias Agrarias, Universidad Nacional de Cuyo},
type = {Proyecto de Investigación}
}
@book{snyder2005frost,
  title={Frost protection: fundamentals, practice and economics. Volume 1},
  author={Snyder, Richard L and Melo-Abreu, J Paulo},
  year={2005},
  publisher={FAO}
}
@article{lin2007agroforestry,
  title={Agroforestry management as an adaptive strategy against potential microclimate extremes in coffee agriculture},
  author={Lin, Brenda B},
  journal={Agricultural and Forest Meteorology},
  volume={144},
  number={1},
  pages={85--94},
  year={2007},
  publisher={Elsevier}
}
@article{ghielmi2006descriptive,
  title={Descriptive models and artificial neural networks for spring frost prediction in an agricultural mountain area},
  author={Ghielmi, Luca and Eccel, Emanuele},
  journal={Computers and electronics in agriculture},
  volume={54},
  number={2},
  pages={101--114},
  year={2006},
  publisher={Elsevier}
}
@article{maqsood2004ensemble,
  title={An ensemble of neural networks for weather forecasting},
  author={Maqsood, Imran and Khan, Muhammad Riaz and Abraham, Ajith},
  journal={Neural Computing \& Applications},
  volume={13},
  number={2},
  pages={112--122},
  year={2004},
  publisher={Springer}
}
@incollection{sallis2009frost,
  title={Frost prediction characteristics and classification using computational neural networks},
  author={Sallis, Philip and Jarur, Mary and Trujillo, Marcelo},
  booktitle={Advances in Neuro-Information Processing},
  pages={1211--1220},
  year={2009},
  publisher={Springer}
}
@inproceedings{sallis2009frost2,
  title={Frost prediction using a combinational model of supervised and unsupervised neural networks for crop management in vineyards},
  author={Sallis, P and Jarur, M and Trujillo, M and Ghobakhlou, A},
  booktitle={18th IMACS World Congress-MODSIM09 International Congress on Modelling and Simulation},
  pages={13--17},
  year={2009}
}
@book{koller2009probabilistic,
  title={Probabilistic graphical models: principles and techniques},
  author={Koller, Daphne and Friedman, Nir},
  year={2009},
  publisher={MIT press}
}
%structure learning of independece based algorithm
@article{schluter2012survey,
  title={A survey on independence-based Markov networks learning},
  author={Schl{\"u}ter, Federico},
  journal={Artificial Intelligence Review},
  pages={1--25},
  year={2012},
  publisher={Springer}
}
%GSMN
@article{bromberg2009efficient,
  title={Efficient Markov network structure discovery using independence tests},
  author={Bromberg, Facundo and Margaritis, Dimitris and Honavar, Vasant and others},
  journal={Journal of Artificial Intelligence Research},
  volume={35},
  number={2},
  pages={449},
  year={2009}
}
%PC ALGORITM
@misc{spirtes2000causation,
  title={Causation, Prediction, and Search. Adaptive Computation and Machine Learning},
  author={Spirtes, Peter and Glymour, Clark and Scheines, Richard},
  year={2000},
  publisher={MIT Press, Cambridge}
}
%%HHC
@article{aliferis2010local,
  title={Local causal and markov blanket induction for causal discovery and feature selection for classification part ii: Analysis and extensions},
  author={Aliferis, Constantin F and Statnikov, Alexander and Tsamardinos, Ioannis and Mani, Subramani and Koutsoukos, Xenofon D},
  journal={The Journal of Machine Learning Research},
  volume={11},
  pages={235--284},
  year={2010},
  publisher={JMLR. org}
}
%IBMAP-HC
@article{schluter2014ibmap,
year={2014},
issn={1012-2443},
journal={{Annals of Mathematics and Artificial Intelligence}},
doi={10.1007/s10472-014-9419-5},
title={{The IBMAP approach for Markov network structure learning}},
publisher={Springer International Publishing},
keywords={Markov network; Structure learning; Independence tests; Knowledge discovery; EDAs; 68T05},
author={Schl\"uter, F. and Bromberg, F. and Edera, A.},
pages={1-27},
language={English}
}
%tesis peruano valle mantaro sensores vertical
@MastersThesis{saavedraTesis,
author = {Saavedra, M.},
title = {Caracterización física de heladas radiativas en el valle del Mantaro},
school = {Universidad Nacional Mayor de San Marcos},
year = {2013},
OPTkey = {•},
OPTtype = {•},
OPTaddress = {•},
OPTmonth = {•},
OPTnote = {•},
OPTannote = {•}
}
@inproceedings{diedrichs2014low,
  title={Low-power wireless sensor network for frost monitoring in agriculture research},
  author={Diedrichs, Ana Laura and Tabacchi, German and Grunwaldt, Guillermo and Pecchia, Matias and Mercado, Gustavo and Antivilo, Francisco Gonzalez},
  booktitle={Biennial Congress of Argentina (ARGENCON), 2014 IEEE},
  pages={525--530},
  year={2014},
  organization={IEEE}
}